name,ttm,12/31/2022,09/30/2022,06/30/2022,03/31/2022,12/31/2021,09/30/2021,06/30/2021,03/31/2021,12/31/2020,09/30/2020,06/30/2020,03/31/2020,12/31/2019,09/30/2019,06/30/2019,03/31/2019,12/31/2018,09/30/2018,06/30/2018,03/31/2018,12/31/2017,09/30/2017,06/30/2017,03/31/2017,12/31/2016,09/30/2016,06/30/2016,03/31/2016,12/31/2015,09/30/2015,06/30/2015,03/31/2015,12/31/2014,09/30/2014,06/30/2014,03/31/2014,12/31/2013,09/30/2013,06/30/2013,03/31/2013,12/31/2012,09/30/2012,06/30/2012,03/31/2012,12/31/2011,09/30/2011,06/30/2011,03/31/2011,12/31/2010,09/30/2010,06/30/2010,03/31/2010,12/31/2009,09/30/2009,06/30/2009,03/31/2009,12/31/2008,09/30/2008,06/30/2008,03/31/2008,12/31/2007,09/30/2007,06/30/2007,03/31/2007,12/31/2006,09/30/2006,06/30/2006,03/31/2006,12/31/2005,09/30/2005,06/30/2005,03/31/2005,12/31/2004,09/30/2004,06/30/2004,03/31/2004,12/31/2003,09/30/2003,06/30/2003,03/31/2003,12/31/2002,09/30/2002,06/30/2002,03/31/2002,12/31/2001,09/30/2001,06/30/2001,03/31/2001,12/31/2000,09/30/2000,06/30/2000,03/31/2000,12/31/1999,09/30/1999,06/30/1999,03/31/1999,12/31/1998,09/30/1998,06/30/1998,03/31/1998,12/31/1997,09/30/1997,06/30/1997,03/31/1997,12/31/1996,09/30/1996,06/30/1996,03/31/1996,12/31/1995,09/30/1995,06/30/1995,03/31/1995,12/31/1994,09/30/1994,06/30/1994,03/31/1994,12/31/1993,09/30/1993,06/30/1993,03/31/1993,12/31/1992,09/30/1992,06/30/1992,03/31/1992,12/31/1991,09/30/1991,06/30/1991,03/31/1991,12/31/1990,09/30/1990,06/30/1990,03/31/1990,12/31/1989,09/30/1989,06/30/1989,03/31/1989,12/31/1988,09/30/1988,06/30/1988,03/31/1988
TotalRevenue,"53,309,000,000","13,424,000,000","11,573,000,000","13,215,000,000","15,097,000,000","12,520,000,000","11,466,000,000","10,948,000,000","12,187,000,000","10,008,000,000","9,110,000,000","7,956,000,000","12,013,000,000","12,352,000,000","11,598,000,000","13,263,000,000","12,856,000,000","11,562,000,000","11,345,000,000","10,745,000,000","12,726,000,000","12,889,000,000","9,227,000,000","11,116,000,000","11,146,000,000","9,338,000,000","8,488,000,000","7,939,000,000","8,795,000,000","8,914,000,000","8,320,000,000","8,631,000,000","7,929,000,000","8,797,000,000","8,297,000,000","10,026,000,000","10,521,000,000","8,293,000,000","8,998,000,000","7,847,000,000","8,017,000,000","7,173,000,000","5,788,000,000","5,718,000,000","6,627,000,000","5,436,000,000","4,272,000,000","4,981,000,000","4,713,000,000","4,143,000,000","3,502,000,000","3,505,000,000","3,977,000,000","3,187,100,000","2,628,700,000","2,867,600,000","3,782,600,000","3,923,500,341","4,368,500,106","3,871,500,102","3,967,698,796","3,198,499,811","2,633,999,801","2,728,700,319","3,358,199,954","2,785,700,635","2,184,899,966","2,327,200,223","3,346,700,140","2,667,800,709","1,657,099,884","1,206,800,049","2,181,700,121","1,960,000,171","1,283,400,529","1,843,899,933","1,453,200,420","854,300,038","1,068,099,676","1,887,099,824","1,045,799,912","636,300,787","1,175,600,000","1,654,000,606","1,081,599,745","372,300,066","1,084,000,316","1,720,500,756","873,299,700","506,100,090","638,300,271","1,100,500,222","700,100,043","497,182,460","552,164,343","1,049,867,996","588,377,358","562,298,862","390,359,602","894,458,327","628,085,106","345,933,701","568,567,877","985,093,168","620,465,245","327,294,384","521,987,747","989,361,702","617,099,361","319,523,639","471,558,895","971,456,018","784,385,057","295,111,937","99,744,932","94,631,987","102,006,920","100,731,192","100,853,789","95,628,766","97,898,578","97,820,822","99,887,767","94,124,700","108,574,147","166,474,652","153,428,377","154,847,551","156,901,343","152,865,682","275,459,484","247,759,804","276,874,488","196,390,559","244,525,547","217,302,860","220,155,039","73,674,800","255,080,930","263,917,526","268,684,373"
	OperatingRevenue,"53,309,000,000","13,424,000,000","11,573,000,000","13,215,000,000","15,097,000,000","12,520,000,000","11,466,000,000","10,948,000,000","12,187,000,000","10,008,000,000","9,110,000,000","7,956,000,000","12,013,000,000","12,352,000,000","11,598,000,000","13,263,000,000","12,856,000,000","11,562,000,000","11,345,000,000","10,745,000,000","12,726,000,000","12,889,000,000","9,227,000,000","11,116,000,000","11,146,000,000","9,338,000,000","8,488,000,000","7,939,000,000","8,795,000,000","8,914,000,000","8,320,000,000","8,631,000,000","7,929,000,000","8,797,000,000","8,297,000,000","10,026,000,000","10,521,000,000","8,293,000,000","8,998,000,000","7,847,000,000","8,017,000,000","7,173,000,000","5,788,000,000","5,718,000,000","6,627,000,000","5,436,000,000","4,272,000,000","4,981,000,000","4,713,000,000","4,143,000,000","3,502,000,000","3,505,000,000","3,977,000,000","3,187,100,000","2,628,700,000","2,867,600,000","3,782,600,000","3,923,500,341","4,368,500,106","3,871,500,102","3,967,698,796","3,198,499,811","2,633,999,801","2,728,700,319","3,358,199,954","2,785,700,635","2,184,899,966","2,327,200,223","3,346,700,140","2,667,800,709","1,657,099,884","1,206,800,049","2,181,700,121","1,960,000,171","1,283,400,529","1,843,899,933","1,453,200,420","854,300,038","1,068,099,676","1,887,099,824","1,045,799,912","636,300,787","1,175,600,000","1,654,000,606","1,081,599,745","372,300,066","1,084,000,316","1,720,500,756","873,299,700","506,100,090","638,300,271","1,100,500,222","700,100,043","497,182,460","552,164,343","1,049,867,996","588,377,358","562,298,862","390,359,602","894,458,327","628,085,106","345,933,701","568,567,877","985,093,168","620,465,245","327,294,384","521,987,747","989,361,702","617,099,361","319,523,639","471,558,895","971,456,018","784,385,057","295,111,937","99,744,932","94,631,987","102,006,920","100,731,192","100,853,789","95,628,766","97,898,578","97,820,822","99,887,767","94,124,700","108,574,147","166,474,652","153,428,377","154,847,551","156,901,343","152,865,682","275,459,484","247,759,804","276,874,488","196,390,559","244,525,547","217,302,860","220,155,039","73,674,800","255,080,930","263,917,526","268,684,373"
CostOfRevenue,"36,906,000,000","8,697,000,000","7,706,000,000","9,701,000,000","10,802,000,000","8,415,000,000","8,411,000,000","7,648,000,000","8,080,000,000","5,963,000,000","5,461,000,000","4,057,000,000","8,900,000,000","8,336,000,000","8,164,000,000","9,283,000,000","8,612,000,000","8,158,000,000","7,816,000,000","7,528,000,000","9,145,000,000","9,627,000,000","6,150,000,000","7,786,000,000","8,237,000,000","7,468,000,000","6,611,000,000","6,142,000,000","6,024,000,000","6,904,000,000","6,897,000,000","6,584,000,000","6,880,000,000","6,999,000,000","7,000,000,000","8,116,000,000","8,945,000,000","7,625,000,000","7,550,000,000","6,519,000,000","6,720,000,000","6,777,000,000","4,552,000,000","4,443,000,000","5,220,000,000","3,923,000,000","3,417,000,000","3,914,000,000","3,600,000,000","3,070,000,000","2,596,000,000","2,556,000,000","3,069,000,000","2,290,200,000","1,828,600,000","2,057,100,000","2,835,100,000","2,922,899,510","3,590,700,447","3,212,900,468","3,065,528,238","2,426,100,864","2,004,600,020","2,047,000,000","2,531,800,046","1,974,600,419","1,562,399,687","1,695,599,554","2,592,000,234","1,938,499,698","1,076,900,116","577,600,344","1,395,700,121","1,186,500,051","781,899,962","1,093,699,800","854,900,315","419,400,855","597,100,216","1,096,500,068","607,100,044","292,099,685","683,800,000","985,299,288","616,800,510","278,700,332","562,799,432","997,099,849","364,199,905","98,699,880","187,599,940","457,000,148","223,199,942","66,089,874","159,207,630","468,025,814","209,811,321","67,463,835","142,310,635","400,117,595","255,035,461","82,028,426","235,050,407","471,359,558","247,853,780",,,,,,,,,"312,560,743","20,136,931","18,677,366","21,314,879","129,140,307","20,144,077","19,356,493","20,385,051","202,001,017","19,453,797","17,865,707","19,621,834",,,,,,,,,,,,,,,,
GrossProfit,"16,403,000,000","4,727,000,000","3,867,000,000","3,514,000,000","4,295,000,000","4,105,000,000","3,055,000,000","3,300,000,000","4,107,000,000","4,045,000,000","3,649,000,000","3,899,000,000","3,113,000,000","4,016,000,000","3,434,000,000","3,980,000,000","4,244,000,000","3,404,000,000","3,529,000,000","3,217,000,000","3,581,000,000","3,262,000,000","3,077,000,000","3,330,000,000","2,909,000,000","1,870,000,000","1,877,000,000","1,797,000,000","2,771,000,000","2,010,000,000","1,423,000,000","2,047,000,000","1,049,000,000","1,798,000,000","1,297,000,000","1,910,000,000","1,576,000,000","668,000,000","1,448,000,000","1,328,000,000","1,297,000,000","396,000,000","1,236,000,000","1,275,000,000","1,407,000,000","1,513,000,000","855,000,000","1,067,000,000","1,113,000,000","1,073,000,000","906,000,000","949,000,000","908,000,000","896,900,000","800,100,000","810,500,000","947,500,000","1,000,600,831","777,799,659","658,599,634","902,170,558","772,398,947","629,399,781","681,700,319","826,399,908","811,100,216","622,500,279","631,600,669","754,699,906","729,301,011","580,199,768","629,199,705","786,000,000","773,500,120","501,500,567","750,200,133","598,300,105","434,899,183","470,999,460","790,599,756","438,699,868","344,201,102","491,800,000","668,701,318","464,799,235","93,599,734","521,200,884","723,400,907","509,099,795","407,400,210","450,700,331","643,500,074","476,900,101","431,092,586","392,956,713","581,842,182","378,566,037","494,835,027","248,048,967","494,340,732","373,049,645","263,905,275","333,517,470","513,733,610","372,611,465",,,,,,,,,"-17,448,806","79,608,001","75,954,621","80,692,041","-28,409,115","80,709,712","76,272,273","77,513,527","-104,180,195","80,433,970","76,258,993","88,952,313",,,,,,,,,,,,,,,,
OperatingExpense,"8,219,000,000","2,261,000,000","2,089,000,000","1,994,000,000","1,875,000,000","2,002,000,000","1,667,000,000","1,484,000,000","1,559,000,000","1,794,000,000","1,554,000,000","1,801,000,000","1,600,000,000","1,930,000,000","1,741,000,000","1,695,000,000","1,625,000,000","1,863,000,000","1,652,000,000","1,636,000,000","1,641,000,000","1,658,000,000","1,587,000,000","1,646,000,000","1,551,000,000","1,156,000,000","1,101,000,000","1,003,000,000","1,097,000,000","1,211,000,000","1,099,000,000","935,000,000","980,000,000","911,000,000","867,000,000","850,000,000","750,000,000","869,000,000","807,000,000","852,000,000","847,000,000","-208,000,000","1,017,000,000","981,000,000","922,000,000","824,000,000","653,000,000","604,000,000","576,000,000","669,000,000","580,000,000","557,000,000","524,000,000","590,200,000","524,800,000","529,800,000","549,200,000","559,401,363","498,699,170","467,599,227","445,427,425","465,698,738","440,999,702","426,500,531","427,399,677","474,099,766","402,000,671","395,100,948","400,399,346","423,400,918","408,599,303","398,199,337","402,700,121","541,999,496","332,700,013","352,500,334","312,800,367","332,699,383","288,299,568","341,299,473","281,499,927","251,700,346","461,100,000","332,201,849","315,699,490","56,700,014","377,500,395","364,700,454","332,699,038","342,599,459","326,299,970","343,500,074","311,399,159","362,299,683","287,894,351","298,181,285","256,905,660","280,000,640","232,899,770","237,689,255","233,617,021","252,379,119","223,449,800","225,120,773","211,575,741",,,,,,,,,"-33,610,833","44,972,480","46,209,186","44,567,474","-63,373,310","41,889,007","46,147,930","45,048,446",,"43,646,340","44,364,508","41,859,912",,,,,,,,,,,,,,,,
	SellingGeneralAndAdministration,"8,219,000,000","2,261,000,000","2,089,000,000","1,994,000,000","1,875,000,000","2,002,000,000","1,667,000,000","1,484,000,000","1,559,000,000","1,794,000,000","1,554,000,000","1,801,000,000","1,600,000,000","1,930,000,000","1,741,000,000","1,695,000,000","1,625,000,000","1,863,000,000","1,652,000,000","1,636,000,000","1,641,000,000","1,658,000,000","1,587,000,000","1,646,000,000","1,541,000,000","1,165,000,000","1,112,000,000","1,003,000,000","1,080,000,000","1,232,000,000","1,097,000,000","928,000,000","991,000,000","917,000,000","805,000,000","814,000,000","745,000,000","788,000,000","766,000,000","796,000,000","664,000,000","853,000,000","724,000,000","681,000,000","632,000,000","579,000,000","417,000,000","378,000,000","346,000,000","417,000,000","366,000,000","359,000,000","324,000,000","387,900,000","333,900,000","339,600,000","368,600,000","384,300,277","327,400,468","309,799,512","291,122,313","318,800,338","290,000,000","274,600,425","280,299,815","324,299,149","256,599,978","248,900,167","254,399,813","275,599,721","267,399,535","255,199,460","259,400,242","357,600,479","217,599,849","237,499,666","202,300,630","223,699,732","180,899,514","212,700,257","183,499,339","150,399,780","245,700,000","227,899,682","210,100,382","7,700,889","259,300,931","246,900,151","225,199,432","223,299,639","224,299,669","220,500,222","202,199,507","244,945,471","191,636,097","210,618,950","174,188,679","198,566,305","155,623,565","161,546,377","159,432,624","180,508,243","153,984,256","158,454,106","145,527,555",,,,,,,,,,"27,251,980","28,361,926","26,712,803",,"24,546,425","28,714,267","27,809,236",,"27,434,842","28,297,362","25,805,684",,,,,,,,,,,,,,,,
		GeneralAndAdministrativeExpense,"8,219,000,000","2,261,000,000","2,089,000,000","1,994,000,000","1,875,000,000","2,002,000,000","1,667,000,000","1,484,000,000","1,559,000,000","1,794,000,000","1,554,000,000","1,801,000,000","1,600,000,000","1,930,000,000","1,741,000,000","1,695,000,000","1,625,000,000","1,863,000,000","1,652,000,000","1,636,000,000","1,641,000,000","1,658,000,000","1,587,000,000","1,646,000,000","1,541,000,000","1,165,000,000","1,112,000,000","1,003,000,000","1,080,000,000","1,232,000,000","1,097,000,000","928,000,000","991,000,000","917,000,000","805,000,000","814,000,000","745,000,000","788,000,000","766,000,000","796,000,000","664,000,000","853,000,000",,,,,,,,,,,,,,,,,,,,,,,,,,,,,,,,,,,,,,,,,,,,,,,,,,,,,,,,,,,,,,,,,,,,,,,,,,,,,,,,,,,,,,,,,,,,,,,,,,,
			OtherGandA,"8,219,000,000","2,261,000,000","2,089,000,000","1,994,000,000","1,875,000,000","2,002,000,000","1,667,000,000","1,484,000,000","1,559,000,000","1,794,000,000","1,554,000,000","1,801,000,000","1,600,000,000","1,930,000,000","1,741,000,000","1,695,000,000","1,625,000,000","1,863,000,000","1,652,000,000","1,636,000,000","1,641,000,000","1,658,000,000","1,587,000,000","1,646,000,000","1,541,000,000","1,165,000,000","1,112,000,000","1,003,000,000","1,080,000,000","1,232,000,000","1,097,000,000","928,000,000","991,000,000","917,000,000","805,000,000","814,000,000","745,000,000","788,000,000","766,000,000","796,000,000","664,000,000","853,000,000",,,,,,,,,,,,,,,,,,,,,,,,,,,,,,,,,,,,,,,,,,,,,,,,,,,,,,,,,,,,,,,,,,,,,,,,,,,,,,,,,,,,,,,,,,,,,,,,,,,
	DepreciationAmortizationDepletionIncomeStatement,,,,,,,,,,,,,,,,,,,,,,,,,,,,,,,,,,,,,,,,,,,"293,000,000","300,000,000","290,000,000","245,000,000","236,000,000","226,000,000","230,000,000","252,000,000","214,000,000","198,000,000","200,000,000","202,300,000","190,900,000","190,200,000","180,600,000","175,100,021","171,299,766","157,799,715","154,305,113","146,900,387","150,999,702","151,900,106","147,099,862","149,799,501","145,399,575","146,199,665","145,999,533","147,798,872","141,199,768","142,999,877","143,299,879","184,400,277","115,100,164","115,000,667","110,499,738","108,999,589","107,400,054","128,600,567","98,000,588","95,999,906","98,000,000","104,300,652","105,600,701","49,000,717","118,199,463","117,800,303","107,499,606","119,299,819","102,000,301","122,999,852","109,199,652","117,354,211","96,258,254","87,562,335","82,716,981","81,434,334","77,276,205","76,142,878","74,184,397","71,870,876","69,465,543","66,666,667","66,048,186",,,,,,,,,"48,547,846","17,720,499","17,847,261","17,854,671","17,736,615","17,342,583","17,433,662","17,239,210",,"16,211,498","16,067,146","16,054,228",,,,,,,,,,,,,,,,
		DepreciationAndAmortizationInIncomeStatement,,,,,,,,,,,,,,,,,,,,,,,,,,,,,,,,,,,,,,,,,,,"293,000,000","300,000,000","290,000,000","245,000,000","236,000,000","226,000,000","230,000,000","252,000,000","214,000,000","198,000,000","200,000,000","202,300,000","190,900,000","190,200,000","180,600,000","175,100,021","171,299,766","157,799,715","154,305,113","146,900,387","150,999,702","151,900,106","147,099,862","149,799,501","145,399,575","146,199,665","145,999,533","147,798,872","141,199,768","142,999,877","143,299,879","184,400,277","115,100,164","115,000,667","110,499,738","108,999,589","107,400,054","128,600,567","98,000,588","95,999,906","98,000,000","104,300,652","105,600,701","49,000,717","118,199,463","117,800,303","107,499,606","119,299,819","102,000,301","122,999,852","109,199,652","117,354,211","96,258,254","87,562,335","82,716,981","81,434,334","77,276,205","76,142,878","74,184,397","71,870,876","69,465,543","66,666,667","66,048,186",,,,,,,,,"48,547,846","17,720,499","17,847,261","17,854,671","17,736,615","17,342,583","17,433,662","17,239,210",,"16,211,498","16,067,146","16,054,228",,,,,,,,,,,,,,,,
	OtherOperatingExpenses,,,,,,,,,,,,,,,,,,,,,,,,,"10,000,000","-9,000,000","-11,000,000",,"17,000,000","-21,000,000","2,000,000","7,000,000","-11,000,000","-6,000,000","62,000,000","36,000,000","5,000,000","81,000,000","41,000,000","56,000,000","183,000,000","18,000,000",,,,,,,,,,,,,,,,,"-1,064",,"-1","-1,987",,,,"1,116","1,118","1,116",,"2,325",,,,,,"1","-1","62",,"-1,351",,"5,300,660","117,400,000","1,515","-1,593",,"1",,,,,,,,,,,,,,,,"1",,,,,,,,,,,,"1","-1",,,"-1","1",,,,,,,,,,,,,,,,,,,,,
OperatingIncome,"8,184,000,000","2,466,000,000","1,778,000,000","1,520,000,000","2,420,000,000","2,103,000,000","1,388,000,000","1,816,000,000","2,548,000,000","2,251,000,000","2,095,000,000","2,098,000,000","1,513,000,000","2,086,000,000","1,693,000,000","2,285,000,000","2,619,000,000","1,541,000,000","1,877,000,000","1,581,000,000","1,940,000,000","1,604,000,000","1,490,000,000","1,684,000,000","1,358,000,000","714,000,000","776,000,000","794,000,000","1,674,000,000","799,000,000","324,000,000","1,112,000,000","69,000,000","887,000,000","430,000,000","1,060,000,000","826,000,000","-201,000,000","641,000,000","476,000,000","450,000,000","604,000,000","219,000,000","294,000,000","485,000,000","689,000,000","202,000,000","463,000,000","537,000,000","404,000,000","326,000,000","392,000,000","384,000,000","306,700,000","275,300,000","280,700,000","398,300,000","441,199,468","279,100,489","191,000,407","456,743,133","306,700,209","188,400,079","255,199,788","399,000,231","337,000,450","220,499,608","236,499,721","354,300,560","305,900,093","171,600,465","231,000,368","383,299,879","231,500,624","168,800,554","397,699,799","285,499,738","102,199,800","182,699,892","449,300,283","157,199,941","92,500,756","30,700,000","336,499,469","149,099,745","36,899,720","143,700,489","358,700,453","176,400,757","64,800,751","124,400,361","300,000,000","165,500,942","68,792,903","105,062,362","283,660,897","121,660,377","214,834,387","15,149,197","256,651,477","139,432,624","11,526,156","110,067,670","288,612,837","161,035,724","-1,550,189,514","521,987,747","989,361,702","617,099,361","-1,540,716,339","471,558,895","971,456,018","784,385,057","16,162,027","34,635,521","29,745,435","36,124,567","34,964,195","38,820,705","30,124,343","32,465,081","25,761,194","36,787,630","31,894,485","47,092,401","-236,807,067","153,428,377","154,847,551","156,901,343","-428,389,392","275,459,484","247,759,804","276,874,488","-368,867,113","244,525,547","217,302,860","220,155,039","-484,783,802","255,080,930","263,917,526","268,684,373"
NetNonOperatingInterestIncomeExpense,"-3,179,000,000","-863,000,000","-806,000,000","-791,000,000","-719,000,000","-732,000,000","-648,000,000","-618,000,000","-657,000,000","-685,000,000","-718,000,000","-681,000,000","-706,000,000","-697,000,000","-644,000,000","-637,000,000","-685,000,000","-661,000,000","-696,000,000","-690,000,000","-656,000,000","-852,000,000","-653,000,000","-565,000,000","-486,000,000","-386,000,000","-397,000,000","-369,000,000","-412,000,000","-347,000,000","-718,000,000","-284,000,000","-251,000,000","-290,000,000","-347,000,000","-231,000,000","-238,000,000","-238,000,000","-223,000,000","-204,000,000","-255,000,000","-184,000,000","-200,000,000","-213,000,000","-217,000,000","-179,000,000","-170,000,000","-185,000,000","-177,000,000","-179,000,000","-185,000,000","-173,000,000","-150,000,000","-166,200,000","-149,700,000","-133,800,000","-147,300,000",,,,,,,,,,,,,,,,,,,,,,,,,,,,,,,,,,,,,,,,,,,,,,,,,,,,,,,,,,,,,,,,,,,,,,,,,,,,,,,,,,,,
	InterestExpenseNonOperating,"3,224,000,000","908,000,000","806,000,000","791,000,000","719,000,000","782,000,000","648,000,000","618,000,000","657,000,000","739,000,000","718,000,000","681,000,000","706,000,000","764,000,000","644,000,000","637,000,000","685,000,000","792,000,000","696,000,000","690,000,000","656,000,000","1,122,000,000","653,000,000","565,000,000","486,000,000","412,000,000","397,000,000","369,000,000","412,000,000","371,000,000","718,000,000","284,000,000","251,000,000","264,000,000","347,000,000","231,000,000","238,000,000","225,000,000","223,000,000","204,000,000","255,000,000","173,000,000","200,000,000","213,000,000","217,000,000","179,000,000","170,000,000","185,000,000","177,000,000","179,000,000","185,000,000","173,000,000","150,000,000","166,200,000","149,700,000","133,800,000","147,300,000",,,,,,,,,,,,,,,,,,,,,,,,,,,,,,,,,,,,,,,,,,,,,,,,,,,,,,,,,,,,,,,,,,,,,,,,,,,,,,,,,,,,
	TotalOtherFinanceCost,"-45,000,000"
OtherIncomeExpense,"-463,000,000","-2,152,000,000","729,000,000","11,000,000","949,000,000","1,057,000,000","273,000,000","593,000,000","606,000,000","834,000,000","-42,000,000","951,000,000","-2,720,000,000","-42,000,000","266,000,000","618,000,000","673,000,000","463,000,000","-621,000,000","339,000,000","-847,000,000","-4,202,000,000","505,000,000","415,000,000","271,000,000","487,000,000","-869,000,000","-63,000,000","502,000,000","18,000,000","-214,000,000","-173,000,000","-324,000,000","-32,000,000","-148,000,000","280,000,000","-24,000,000","-24,000,000","243,000,000","-105,000,000","53,000,000","-129,000,000","311,000,000","-20,000,000","121,000,000","221,000,000","-46,000,000","116,000,000","157,000,000","213,000,000","-10,000,000","-16,000,000","225,000,000","195,300,000","281,700,000","368,600,000","395,400,000","119,199,872","73,400,043","767,300,020","113,157,083","117,600,378","56,300,308","103,399,575","85,600,784","117,300,850","55,700,235","43,299,498","68,900,047","87,700,070","21,099,884","40,600,221","82,199,516","38,600,169","173,200,202","95,199,466","76,200,157","53,699,637","49,000,540","285,800,351","59,600,411","58,199,748","-47,800,000","51,000,152","98,999,363","44,900,351","57,299,984","78,700,454","44,800,568","20,499,189","46,800,421","74,900,104","43,400,029","15,509,938","46,808,511","72,455,265","53,886,792","-168,978,423","106,350,421","53,211,818","32,340,426","36,985,895","15,467,477","12,146,308","12,046,525",,,,,,,,,"13,031,543","26,983,488","18,123,962","13,979,239","12,964,535","10,939,168","14,100,756","10,444,193","4,708,224","10,849,233","11,750,600","16,410,988",,,,,,,,,,,,,,,,
	GainOnSaleOfSecurity,,,"-1,023,000,000","-581,000,000","369,000,000","140,000,000","-165,000,000","159,000,000","152,000,000","438,000,000","173,000,000","526,000,000","-956,000,000","166,000,000","-43,000,000","140,000,000","214,000,000","-351,000,000","57,000,000","-43,000,000","-185,000,000",,,,,,,,,,,,,,,,,,,,,,,,,,,,,,,,,"100,000",,"28,800,000",,,,,,,,,,,,,,,,,,,,,,,,,,,,,,,,,,,,,,,,,,,,,,,,,,,,,,,,,,,,,,,,,,,,,,,,,,,,,,,,,,,,,
	EarningsFromEquityInterest,"2,056,000,000","519,000,000","536,000,000","510,000,000","491,000,000","524,000,000","440,000,000","352,000,000","395,000,000","331,000,000","315,000,000","327,000,000","163,000,000","344,000,000","333,000,000","413,000,000","413,000,000","433,000,000","378,000,000","363,000,000","335,000,000","350,000,000","280,000,000","236,000,000","236,000,000","106,000,000","133,000,000","-37,000,000","226,000,000","116,000,000","117,000,000","109,000,000","133,000,000","117,000,000","72,000,000","65,000,000","114,000,000","86,000,000","79,000,000","64,000,000","101,000,000","56,000,000","32,000,000","34,000,000","38,000,000","121,000,000","56,000,000","80,000,000","79,000,000","16,000,000","-135,000,000","71,000,000","86,000,000","60,000,000","25,700,000","58,100,000","390,300,000",,"32,000,213","29,900,265","59,664,644","56,000,517","31,400,179","36,399,575","44,000,231","46,300,335","35,900,302","43,299,498","54,800,327",,,,,,,,,,,,,,,,,,,,,,,,,,,,,,,,,,,,,,,,,,,,,,,,,,,,,,,,,,,,,,,,,,,,,,,,
	SpecialIncomeCharges,"-1,930,000,000","-3,006,000,000","1,076,000,000",,,"319,000,000","-111,000,000","0","0","-17,000,000","-615,000,000","0","-1,736,000,000","-618,000,000","-105,000,000","0","0","-74,000,000","-1,023,000,000","-10,000,000","-1,062,000,000","-4,549,000,000","0",,,"464,000,000","-992,000,000","0",,"94,000,000","0","-440,000,000",,,,,,,,,,"-308,000,000","279,000,000","-54,000,000","83,000,000","100,000,000","-102,000,000","36,000,000","78,000,000","197,000,000","125,000,000","-87,000,000","139,000,000","135,200,000","256,000,000","281,700,000","5,100,000","-453,199,787","41,399,830","737,399,755","53,492,439","61,599,861","24,900,129","67,000,000","41,600,553","71,000,515","19,799,933",,"14,099,720","87,700,070","21,099,884","40,600,221","82,199,516","38,600,169","173,200,202","95,199,466","76,200,157","53,699,637","49,000,540","285,800,351","59,600,411","58,199,748","-47,800,000","51,000,152","98,999,363","44,900,351","57,299,984","78,700,454","44,800,568","20,499,189","46,800,421","74,900,104","43,400,029","15,509,938","46,808,511","72,455,265","53,886,792","-168,978,423","106,350,421","53,211,818","32,340,426","36,985,895","15,467,477","12,146,308","12,046,525",,,,,,,,,"13,031,543","26,983,488","18,123,962","13,979,239","12,964,535","10,939,168","14,100,756","10,444,193","4,708,224","10,849,233","11,750,600","16,410,988",,,,,,,,,,,,,,,,
		RestructuringAndMergernAcquisition,"-1,076,000,000","0","-1,076,000,000",,,,,,,,,,,,,,,,,,,,,,,,,,,,,,,,,,,,,,,,,,,,,,,,,,,,,,,,,,,,,,,,,,,,,,,,,,,,,,,,,,,,,,,,,,,,,,,,,,,,,,,,,,,,,,,,,,,,,,,,,,,,,,,,,,,,,,,,,,
		ImpairmentOfCapitalAssets,"3,006,000,000",,,,,,,,,"0","0",,,"318,000,000","105,000,000","0","0","1,104,000,000","1,019,000,000",,,,,,,"384,000,000",,"0",,"0","0","440,000,000",,,,,,,,,,,,,,,,,,,,,,,,,,,,,,,,,,,,,,,,,,,,,,,,,,,,,,,,,,,,,,,,,,,,,,,,,,,,,,,,,,,,,,,,,,,,,,,,,,,,,,,,,,,,,
		WriteOff,"0","0","0",,,"0","111,000,000","0","0","0","615,000,000","0","1,736,000,000",,,,,,"4,000,000","10,000,000","1,062,000,000",,"0",,,,"992,000,000",,,,,,,,,,,,,,,,,,,,,,,,,,,,,,,,,,,,,,,,,,,,,,,,,,,,,,,,,,,,,,,,,,,,,,,,,,,,,,,,,,,,,,,,,,,,,,,,,,,,,,,,,,,,,,,,,,
		OtherSpecialCharges,,,,,,,,,,,,,,,,,,,,,,,,,,,,,,,,,,,,,,,,,,,,"54,000,000","-83,000,000","-100,000,000",,,"-78,000,000",,"-125,000,000",,,,,,,,,,,,,,,,,,,,,,,,,,,,,,,,,,,,,,,,,,,,,,,,,,,,,,,,,,,,,,,,,,,,,,,,,,,,,,,,,,,,,,,,,,
		GainOnSaleOfPPE,"-300,000,000"
	OtherNonOperatingIncomeExpenses,"-589,000,000","-900,000,000","140,000,000","82,000,000","89,000,000","74,000,000","109,000,000","82,000,000","59,000,000","82,000,000","85,000,000","98,000,000","-191,000,000","66,000,000","81,000,000","65,000,000","46,000,000","455,000,000","-33,000,000","29,000,000","65,000,000","-240,000,000","225,000,000","179,000,000","35,000,000","-211,000,000","-10,000,000","-26,000,000","276,000,000","652,000,000","-331,000,000","158,000,000","-457,000,000","171,000,000","-220,000,000","215,000,000","-138,000,000","104,000,000","164,000,000","-169,000,000","-48,000,000","38,000,000",,,,,,,,,,,,,,,,,,,,,,,,,,,,,,,,,,,,,,,,,,,,,,,,,,,,,,,,,,,,,,,,,,,,,,,,,,,,,,,,,,,,,,,,,,,,,,,,,,,
PretaxIncome,"4,542,000,000","-549,000,000","1,701,000,000","740,000,000","2,650,000,000","2,428,000,000","1,013,000,000","1,791,000,000","2,497,000,000","2,400,000,000","1,335,000,000","2,368,000,000","-1,913,000,000","1,347,000,000","1,315,000,000","2,266,000,000","2,607,000,000","1,343,000,000","560,000,000","1,230,000,000","437,000,000","-3,450,000,000","1,342,000,000","1,534,000,000","1,143,000,000","815,000,000","-490,000,000","362,000,000","1,764,000,000","470,000,000","-608,000,000","655,000,000","-506,000,000","565,000,000","-65,000,000","1,109,000,000","564,000,000","-463,000,000","661,000,000","167,000,000","248,000,000","291,000,000","330,000,000","61,000,000","389,000,000","731,000,000","-14,000,000","394,000,000","517,000,000","428,000,000","131,000,000","189,000,000","459,000,000","364,700,000","400,100,000","515,500,000","637,000,000","392,999,830","205,300,192","818,000,204","419,709,906","272,499,473","99,399,781","206,000,000","338,399,446","249,799,927","134,000,224","145,899,610","284,899,580","256,800,953","59,700,348","137,499,693","330,199,516","80,600,238","232,600,479","380,200,133","247,999,738","41,699,898","132,200,162","607,599,622","115,700,015","54,899,276","-6,500,000","284,200,636","137,299,235","-13,300,225","79,100,521","325,800,302","112,699,038","-27,500,211","62,200,180","272,400,473","105,500,942","-17,985,011","57,079,971","265,473,746","82,867,925","-38,069,363","43,917,368","234,455,387","96,028,369","-19,969,400","57,174,424","232,160,111","102,326,225",,,,,,,,,"-38,556,474","22,284,871","24,903,154","31,418,685","32,822,307","34,685,165","27,688,758","24,789,229","13,159,481","31,425,365","25,899,281","44,951,837",,,,,,,,,,,,,,,,
TaxProvision,"1,604,000,000","560,000,000","318,000,000","133,000,000","593,000,000","463,000,000","199,000,000","270,000,000","483,000,000","501,000,000","231,000,000","591,000,000","-549,000,000","433,000,000","255,000,000","436,000,000","584,000,000","60,000,000","347,000,000","-97,000,000","-73,000,000","-3,515,000,000","327,000,000","293,000,000","198,000,000","-32,000,000","-253,000,000","10,000,000","417,000,000","94,000,000","129,000,000","232,000,000","-285,000,000","249,000,000","-31,000,000","276,000,000","117,000,000","-216,000,000","236,000,000","41,000,000","62,000,000","114,000,000","2,000,000","-18,000,000","30,000,000","356,000,000","-24,000,000","122,000,000","114,000,000","98,000,000","1,000,000","49,000,000","103,000,000","25,700,000","94,600,000","108,500,000","77,200,000","127,800,362","55,200,128","158,599,634","166,649,522","22,099,255","19,599,523","57,800,213","109,700,185","76,900,052","36,800,045","-13,699,944","92,300,327","81,000,499","-9,800,232","42,199,583","107,899,637","-5,000,916","44,099,786","123,199,466","126,900,577","5,999,896","24,100,486","154,099,689","3,199,647","11,999,465","-11,200,000","76,399,454","24,899,618","-13,800,141","8,000,631","49,199,697","23,299,700","-103,300,781","10,900,210","73,100,488","17,400,319","-26,190,801","17,168,012","85,362,276","11,320,755","-30,275,180","5,049,732","86,873,438","33,758,865","-14,784,388","23,339,318","100,483,092","45,278,316",,,,,,,,,"-24,992,222","2,550,678","7,747,648","11,072,664","8,767,292","13,340,448","8,845,020","8,305,021","1,483,365","8,729,268","7,913,669","19,146,153",,,,,,,,,,,,,,,,
NetIncomeCommonStockholders,"2,589,000,000","-1,067,000,000","1,279,000,000","450,000,000","1,927,000,000","1,840,000,000","682,000,000","1,394,000,000","1,900,000,000","1,775,000,000","990,000,000","1,647,000,000","-1,429,000,000","746,000,000","949,000,000","1,736,000,000","1,891,000,000","1,089,000,000","-90,000,000","1,071,000,000","445,000,000","207,000,000","765,000,000","919,000,000","638,000,000","365,000,000","-103,000,000","301,000,000","1,213,000,000","378,000,000","-609,000,000","577,000,000","-383,000,000","88,000,000","-80,000,000","756,000,000","390,000,000","-267,000,000","421,000,000","42,000,000","250,000,000","146,000,000","189,000,000","11,000,000","264,000,000","335,000,000","4,000,000","259,000,000","393,000,000","326,000,000","157,000,000","138,000,000","342,000,000","300,100,000","303,800,000","393,000,000","558,100,000","263,399,532","148,400,043","657,699,980","251,002,983","248,599,702","78,099,970","146,499,469","227,000,692","171,099,816","95,500,168","157,899,610","190,900,280","174,000,698","67,800,232","93,600,098","220,599,758","78,100,783","179,698,879","248,400,267","112,400,315","27,299,482","90,700,972","445,400,513","103,800,499","33,999,843","-3,900,000","433,300,500","113,100,701","41,798,549","64,800,379","270,400,908","83,499,921","70,201,051","45,799,519","197,599,526","86,401,334","3,092,180","36,537,051","178,351,423","69,886,792","-7,794,183","38,867,636","147,581,949","62,269,504","-5,185,012","33,835,106","131,677,019","57,047,909","-3,450,414","23,144,997","114,975,450","45,534,865","-1,255,405","17,037,832","89,062,714","35,959,144","-13,564,252","19,734,193","17,155,506","20,346,021","24,055,015","21,344,717","18,843,738","16,484,208","11,676,116","22,696,097","17,985,612","25,805,684","89,620,199","82,597,873","83,361,882","84,414,081","23,271,128","47,624,552","31,886,419","41,876,243","31,154,005","27,784,318","28,838,100","29,457,364",,,,
	NetIncome,"3,003,000,000","-983,000,000","1,362,000,000","595,000,000","2,029,000,000","1,933,000,000","780,000,000","1,484,000,000","1,992,000,000","1,871,000,000","1,084,000,000","1,741,000,000","-1,333,000,000","842,000,000","1,045,000,000","1,832,000,000","1,986,000,000","1,184,000,000","4,000,000","1,160,000,000","534,000,000","291,000,000","847,000,000","1,000,000,000","721,000,000","441,000,000","-30,000,000","372,000,000","1,286,000,000","452,000,000","-537,000,000","647,000,000","-311,000,000","159,000,000","-14,000,000","815,000,000","445,000,000","-215,000,000","470,000,000","85,000,000","289,000,000","182,000,000","220,000,000","34,000,000","279,000,000","343,000,000","5,000,000","261,000,000","395,000,000","328,000,000","158,000,000","140,000,000","344,000,000","302,000,000","305,500,000","394,700,000","559,800,000","265,199,468","150,100,064","659,399,552","253,060,385","250,400,219","79,800,258","148,199,787","228,700,415","172,899,828","97,200,179","159,599,554","192,600,420","175,800,453","69,500,581","95,300,110","222,299,879","85,599,953","188,499,433","257,000,667","121,100,472","35,700,002","99,100,486","453,499,932","112,500,367","42,899,150","4,700,000","442,000,303","120,500,319","45,799,184","71,099,890","276,600,605","89,399,338","75,800,570","51,299,970","199,299,985","88,100,623","8,205,790","39,911,959","180,111,470","71,547,170","-7,794,183","38,867,636","147,581,949","62,269,504","-5,185,012","33,835,106","131,677,019","57,047,909","-3,450,414","23,144,997","114,975,450","45,534,865","-1,255,405","17,037,832","89,062,714","35,959,144","-13,564,252","19,734,193","17,155,506","20,346,021","24,055,015","21,344,717","18,843,738","16,484,208","11,676,116","22,696,097","17,985,612","25,805,684","89,620,199","82,597,873","83,361,882","84,414,081","23,271,128","47,624,552","31,886,419","41,876,243","31,154,005","27,784,318","28,838,100","29,457,364",,,,
		NetIncomeIncludingNoncontrollingInterests,"2,938,000,000","-1,109,000,000","1,383,000,000","607,000,000","2,057,000,000","1,965,000,000","814,000,000","1,521,000,000","2,014,000,000","1,899,000,000","1,104,000,000","1,777,000,000","-1,364,000,000","914,000,000","1,060,000,000","1,830,000,000","2,023,000,000","1,283,000,000","213,000,000","1,327,000,000","510,000,000","65,000,000","1,015,000,000","1,241,000,000","945,000,000","847,000,000","-237,000,000","352,000,000","1,347,000,000","376,000,000","-737,000,000","423,000,000","-221,000,000","316,000,000","-34,000,000","833,000,000","493,000,000","-243,000,000","425,000,000","126,000,000","186,000,000","177,000,000","328,000,000","79,000,000","359,000,000","375,000,000","10,000,000","272,000,000","403,000,000","591,000,000","130,000,000","154,000,000","356,000,000","29,800,000","407,300,000","407,000,000","569,200,000","280,399,149","164,000,426","668,699,369","270,548,298","261,600,119","89,500,149","167,599,362","234,300,046","227,599,269","97,200,179","159,599,554","192,600,420","175,800,453","69,500,581","95,300,110","222,299,879","85,599,953","188,499,433","257,000,667","121,100,472","35,700,002","99,100,486","453,499,932","112,500,367","42,899,150","4,700,000","442,000,303","120,500,319","45,799,184","71,099,890","276,600,605","89,399,338","75,800,570","51,299,970","199,299,985","88,100,623","8,205,790","39,911,959","180,111,470","71,547,170","-7,794,183","38,867,636","147,581,949","62,269,504","-6,289,832","33,973,208","132,643,203","57,047,909","18,613,448","23,144,997","114,975,450","45,534,865","19,879,037","17,037,832","89,062,714","35,959,144","-14,546,157","19,734,193","17,155,506","20,346,021","24,055,015","21,344,717","18,843,738","16,484,208","11,676,116","22,696,097","17,985,612","25,805,684","89,620,199","82,597,873","83,361,882","84,414,081","25,939,032","47,624,552","31,886,419","41,876,243","33,354,352","27,784,318","28,838,100","29,457,364","485,837","32,493,611","34,930,261","35,577,517"
			NetIncomeContinuousOperations,"2,938,000,000","-1,109,000,000","1,383,000,000","607,000,000","2,057,000,000","1,965,000,000","814,000,000","1,521,000,000","2,014,000,000","1,899,000,000","1,104,000,000","1,777,000,000","-1,364,000,000","914,000,000","1,060,000,000","1,830,000,000","2,023,000,000","1,283,000,000","213,000,000","1,327,000,000","510,000,000","65,000,000","1,015,000,000","1,241,000,000","945,000,000","847,000,000","-237,000,000","352,000,000","1,347,000,000","376,000,000","-737,000,000","423,000,000","-221,000,000","316,000,000","-34,000,000","833,000,000","447,000,000","-247,000,000","425,000,000","126,000,000","186,000,000","177,000,000","328,000,000","79,000,000","359,000,000","375,000,000","10,000,000","272,000,000","403,000,000","591,000,000","130,000,000","154,000,000","356,000,000","29,800,000","407,300,000","407,000,000","569,200,000","320,899,468","150,100,064","659,399,552","253,060,385","250,400,219","79,800,258","148,199,787","228,700,415","172,899,828","97,200,179","159,599,554","192,600,420","175,800,453","69,500,581","95,300,110","222,299,879","85,599,953","188,499,433","257,000,667","121,100,472","35,700,002","99,100,486","453,499,932","112,500,367","42,899,811","4,700,000","207,799,667","112,399,618","499,917","71,099,890","276,600,605","89,399,338","75,800,570","51,299,970","199,299,985","88,100,623","8,205,790","39,911,959","180,111,470","71,547,170","-7,794,183","38,867,636","147,581,949","62,269,504","-5,185,012","33,835,106","131,677,019","57,047,909","-3,450,414","23,144,997","114,975,450","45,534,865","-1,255,405","17,037,832","89,062,714","35,959,144","-13,564,252","19,734,193","17,155,506","20,346,021","24,055,015","21,344,717","18,843,738","16,484,208","11,676,116","22,696,097","17,985,612","25,805,684","91,700,084","84,408,237","85,188,992","86,266,790","23,271,128","47,624,552","31,886,419","41,876,243","31,154,005","27,784,318","28,838,100","29,457,364","485,837","32,493,611","34,930,261","35,577,517"
			NetIncomeDiscontinuousOperations,,,,,,,,,,,,,,,,,,,,,,,,,,,,,,"0","0","0","0","0","0","0","46,000,000",,,,,,,,,,,,,,,,,,,,,,,,,,,,,,,,,,,,,,,,,,,,,"-661",,"234,200,636","8,100,701",,,,,,,,,,,,,,,,,,,,,,,,,,,,,,,,,,,,,,,,,"-2,079,885","-1,810,364","-1,827,110","-1,852,710",,,,,,,,,,,,
			NetIncomeExtraordinary,,,,,,,,,,,,,,,,,,,,,,,,,,,,,,,,,,,,,,,,,,"0",,,,,,,,,,,,,,,,,,,,,,,,,,,,,,,,,,,,,,,,,,,,,,,,,,,,,,,,,,,,,,,,,,,,,,,,,,,,,,,,,,,,,,,,,,,,,,,,,,,
		MinorityInterests,"65,000,000","126,000,000","-21,000,000","-12,000,000","-28,000,000","-32,000,000","-34,000,000","-37,000,000","-22,000,000","-28,000,000","-20,000,000","-36,000,000","31,000,000","-72,000,000","-15,000,000","2,000,000","-37,000,000","-99,000,000","-209,000,000","-167,000,000","24,000,000","226,000,000","-168,000,000","-241,000,000","-224,000,000","-406,000,000","207,000,000","20,000,000","-61,000,000","76,000,000","200,000,000","224,000,000","-90,000,000","-157,000,000","20,000,000","-18,000,000","-48,000,000","28,000,000","45,000,000","-41,000,000","103,000,000","5,000,000","-108,000,000","-45,000,000","-80,000,000","-32,000,000","-5,000,000","-11,000,000","-8,000,000","-12,000,000","28,000,000","-14,000,000","-12,000,000","-8,100,000","-7,200,000","-12,300,000","-9,400,000","-15,199,681","-13,900,362","-9,299,817","-17,487,913","-11,199,900","-9,699,891","-19,399,575","-5,599,631",,,,,,,,,,,,,,,,,,,,,,,,,,,,,,,,,,,,,,"-138,102","-966,184",,,,,,,,,,,,,,,,,,,,,,,,,,,,,,,,,,,,,
	PreferredStockDividends,"414,000,000","84,000,000","83,000,000","145,000,000","102,000,000","93,000,000","98,000,000","90,000,000","92,000,000","96,000,000","94,000,000","94,000,000","96,000,000","96,000,000","96,000,000","96,000,000","95,000,000","95,000,000","94,000,000","89,000,000","89,000,000","84,000,000","82,000,000","81,000,000","83,000,000","76,000,000","73,000,000","71,000,000","73,000,000","74,000,000","72,000,000","70,000,000","72,000,000","71,000,000","66,000,000","59,000,000","55,000,000","52,000,000","49,000,000","43,000,000","39,000,000","36,000,000","31,000,000","23,000,000","15,000,000","8,000,000","1,000,000","2,000,000","2,000,000","2,000,000","1,000,000","2,000,000","2,000,000","1,900,000","1,700,000","1,700,000","1,700,000","1,799,936","1,700,021","1,699,573","2,057,402","1,800,516","1,700,288","1,700,319","1,699,723","1,800,013","1,700,011","1,699,944","1,700,140","1,799,755","1,700,348","1,700,012","1,700,121","7,499,170","8,800,554","8,600,400","8,700,157","8,400,520","8,399,514","8,099,419","8,699,868","8,899,308","8,600,000","8,699,803","7,399,618","4,000,635","6,299,511","6,199,697","5,899,417","5,599,519","5,500,451","1,700,459","1,699,290","5,113,609","3,374,908","1,760,047","1,660,377",,,,,,,,,,,,,,,,,,,,,,,,,,,,,,,,,,,,,,,,,,,,
	OtherunderPreferredStockDividend,,,,,,,,,,,,,,,,,,,,,,,,,,,,,,,,,,,,,,,,,,,,,,,,,,,,,,,,,,,,"-1",,,,"-1",,,,,,,"1",,,,,,,,,,,,,,,,,,,,,,"-1",,,,"1",,,,,,,,,,,,,,,,,,,,,,,,,,,,,,,,,,,,,,,,,,,,
DilutedNIAvailtoComStockholders,"2,589,000,000","-1,067,000,000","1,279,000,000","450,000,000","1,927,000,000","1,840,000,000","682,000,000","1,394,000,000","1,900,000,000","1,775,000,000","990,000,000","1,647,000,000","-1,429,000,000","746,000,000","949,000,000","1,736,000,000","1,891,000,000","1,089,000,000","-90,000,000","1,071,000,000","445,000,000","207,000,000","765,000,000","919,000,000","638,000,000","365,000,000","-103,000,000","301,000,000","1,213,000,000","378,000,000","-609,000,000","577,000,000","-383,000,000","88,000,000","-80,000,000","756,000,000","390,000,000","-267,000,000","421,000,000","42,000,000","250,000,000","146,000,000","189,000,000","11,000,000","264,000,000","335,000,000","4,000,000","259,000,000","393,000,000","326,000,000","157,000,000","138,000,000","342,000,000","300,100,000","303,800,000","393,000,000","558,100,000","263,399,532","148,400,043","657,699,980","251,002,983","248,599,702","78,099,970","146,499,469","227,000,692","171,099,816","95,500,168","157,899,610","190,900,280","174,000,698","67,800,232","93,600,098","220,599,758","78,100,783","179,698,879","248,400,267","112,400,315","27,299,482","90,700,972","445,400,513","103,800,499","33,999,843","-3,900,000","433,300,500","113,100,701","41,798,549","64,800,379","270,400,908","83,499,921","70,201,051","45,799,519","197,599,526","86,401,334","3,092,180","36,537,051","178,351,423","69,886,792","-7,794,183","38,867,636","147,581,949","62,269,504","-5,185,012","33,835,106","131,677,019","57,047,909","-3,450,414","23,144,997","114,975,450","45,534,865","-1,255,405","17,037,832","89,062,714","35,959,144","-13,564,252","19,734,193","17,155,506","20,346,021","24,055,015","21,344,717","18,843,738","16,484,208","11,676,116","22,696,097","17,985,612","25,805,684","89,620,199","82,597,873","83,361,882","84,414,081","23,271,128","47,624,552","31,886,419","41,876,243","31,154,005","27,784,318","28,838,100","29,457,364",,,,
BasicEPS,,,"0.63","0.22","0.95",,"0.34","0.69","0.94",,"0.49","0.82","-0.71",,"0.47","0.86","0.94",,"-0.05","0.63","0.26",,"0.47","0.56","0.54","0.39","-0.11","0.33","1.38","0.44","-0.72","0.68","-0.46",,"-0.1","0.92","0.48",,"0.52","0.05","0.32","0.19","0.24","0.01","0.35","0.44","0.01","0.35","0.525",,"0.21","0.185","0.465",,"0.415","0.54","0.77",,"0.205","0.915","0.349",,"0.11","0.205","0.325",,"0.14","0.234","0.28",,"0.1","0.135","0.328",,"0.134","0.187","0.084",,"0.067","0.339","0.079",,"-0.004","0.344","0.089",,"0.051","0.216","0.068",,"0.036","0.159","0.069",,"0.029","0.148","0.029",,"0.017","0.064","0.028",,"0.016","0.061","0.027",,"0.012","0.059","0.024",,"0.007","0.052","0.024",,"0.016","0.014","0.016",,"0.017","0.014","0.013",,"0.018","0.014","0.021",,"0.065","0.066","0.066",,"0.038","0.026","0.033",,"0.022","0.023","0.023",,"0.026","0.028","0.028"
DilutedEPS,,,"0.63","0.22","0.95",,"0.34","0.69","0.94",,"0.49","0.82","-0.71",,"0.47","0.86","0.94",,"-0.05","0.63","0.26",,"0.47","0.56","0.54","0.39","-0.11","0.33","1.38","0.44","-0.72","0.67","-0.46",,"-0.1","0.91","0.47",,"0.51","0.05","0.31","0.18","0.24","0.01","0.34","0.44","0.01","0.34","0.52",,"0.21","0.185","0.46",,"0.415","0.54","0.765",,"0.205","0.905","0.349",,"0.11","0.205","0.32",,"0.14","0.229","0.28",,"0.1","0.135","0.325",,"0.133","0.185","0.084",,"0.066","0.337","0.079",,"-0.004","0.34","0.088",,"0.051","0.212","0.068",,"0.036","0.159","0.069",,"0.029","0.148","0.029",,"0.017","0.064","0.028",,"0.016","0.061","0.027",,"0.012","0.059","0.024",,"0.007","0.052","0.024",,"0.014","0.014","0.016",,"0.017","0.014","0.013",,"0.018","0.014","0.021",,"0.065","0.066","0.066",,"0.038","0.026","0.033",,"0.022","0.023","0.023",,"0.026","0.028","0.028"
BasicAverageShares,,,"2,025,000,000","2,026,000,000","2,026,000,000",,"2,024,000,000","2,024,000,000","2,022,000,000",,"2,021,000,000","2,019,000,000","2,019,000,000",,"2,018,000,000","2,018,000,000","2,016,000,000",,"1,705,000,000","1,695,000,000","1,685,000,000",,"1,635,000,000","1,628,000,000","1,177,000,000","927,000,000","922,000,000","917,000,000","876,000,000","853,000,000","849,000,000","846,000,000","841,000,000",,"835,000,000","824,000,000","820,000,000",,"814,000,000","806,000,000","789,000,000","783,000,000","780,000,000","770,000,000","757,000,000","753,000,000","750,000,000","750,000,000","750,000,000",,"742,000,000","738,000,000","736,000,000",,"729,600,000","727,000,000","724,600,000",,"718,600,000","703,600,000","703,600,000",,"731,356,259","735,993,016","703,600,000",,"697,800,000","697,800,000","697,800,000",,"692,400,000","692,400,000","1,384,800,000",,"1,375,200,000","1,375,200,000","1,375,200,000",,"1,372,294,160","1,318,400,000","1,316,800,000",,"1,271,200,000","1,266,400,000","1,303,200,000",,"1,259,200,000","1,258,400,000","1,255,200,000",,"1,228,800,000","1,217,600,000","1,211,200,000",,"1,243,179,687","1,205,036,472","1,206,400,000",,"1,186,624,000","1,186,624,000","1,186,624,000",,"1,083,200,000","1,081,600,000","1,080,000,000",,"973,968,000","973,968,000","973,968,000",,"769,600,000","769,600,000","769,600,000",,"642,816,000","640,704,000","638,912,000",,"638,336,000","638,336,000","637,776,000",,"636,976,000","636,912,000","636,544,000",,"634,576,000","634,976,000","634,976,000",,"633,936,000","633,936,000","633,872,000",,"633,616,000","633,456,000","633,232,000",,"633,168,000","632,864,000","632,864,000"
DilutedAverageShares,,,"2,028,000,000","2,030,000,000","2,029,000,000",,"2,026,000,000","2,026,000,000","2,023,000,000",,"2,021,000,000","2,020,000,000","2,021,000,000",,"2,020,000,000","2,021,000,000","2,019,000,000",,"1,708,000,000","1,698,000,000","1,689,000,000",,"1,642,000,000","1,636,000,000","1,187,000,000","935,000,000","922,000,000","925,000,000","882,000,000","860,000,000","859,000,000","858,000,000","854,000,000",,"847,000,000","834,000,000","830,000,000",,"824,000,000","817,000,000","801,000,000","795,000,000","792,000,000","783,000,000","769,000,000","765,000,000","761,000,000","760,000,000","758,000,000",,"750,000,000","746,000,000","742,000,000",,"734,600,000","731,000,000","729,200,000",,"724,200,000","703,600,000","703,600,000",,"731,356,259","735,993,016","703,600,000",,"697,800,000","697,800,000","697,800,000",,"692,400,000","692,400,000","1,385,027,460",,"1,375,200,000","1,375,200,000","1,375,200,000",,"1,372,294,160","1,318,400,000","1,316,800,000",,"1,271,200,000","1,266,400,000","1,303,200,000",,"1,259,200,000","1,258,400,000","1,255,200,000",,"1,228,800,000","1,217,600,000","1,211,200,000",,"1,243,179,687","1,205,036,472","1,206,400,000",,"1,186,624,000","1,186,624,000","1,186,624,000",,"1,083,200,000","1,081,600,000","1,080,000,000",,"973,968,000","973,968,000","973,968,000",,"769,600,000","769,600,000","769,600,000",,"642,816,000","640,704,000","638,912,000",,"638,336,000","638,336,000","637,776,000",,"636,976,000","636,912,000","636,544,000",,"634,576,000","634,976,000","634,976,000",,"633,936,000","633,936,000","633,872,000",,"633,616,000","633,456,000","633,232,000",,"633,168,000","632,864,000","632,864,000"
TotalOperatingIncomeAsReported,"5,178,000,000","-540,000,000","1,778,000,000","1,520,000,000","2,420,000,000","2,103,000,000","1,388,000,000","1,816,000,000","2,548,000,000","2,251,000,000","2,095,000,000","2,098,000,000","1,513,000,000","1,768,000,000","1,588,000,000","2,285,000,000","2,619,000,000","1,513,000,000","854,000,000","1,571,000,000","878,000,000","-2,961,000,000","1,490,000,000","1,684,000,000","1,358,000,000","329,000,000","-216,000,000","794,000,000","1,674,000,000","797,000,000","324,000,000","672,000,000","69,000,000","884,000,000","430,000,000","1,060,000,000","826,000,000","-202,000,000","641,000,000","476,000,000","450,000,000","408,000,000","351,000,000","271,000,000","482,000,000","689,000,000","202,000,000","463,000,000","537,000,000","404,000,000","326,000,000","392,000,000","384,000,000","306,700,000","275,300,000","280,700,000","398,300,000","441,199,468","279,100,490","191,000,407","456,743,133","306,700,209","188,400,079","255,199,787","399,000,231","337,000,449","220,499,609","236,499,721","354,300,560","305,900,093","171,600,465","231,000,368","383,299,879","231,500,624","168,800,554","397,699,800","285,499,738","102,199,800","182,699,892","449,300,284","157,199,941","92,500,755","30,700,000","336,499,470","149,099,745","36,899,720","143,700,489","358,700,454","176,400,757","64,800,751","124,400,361","300,000,000","165,500,942","68,792,903","105,062,362","283,660,898","121,660,377","214,834,387","15,149,197","256,651,477","139,432,624","11,526,157","110,067,670","288,612,836","161,035,724",,,,,,,,,"16,162,027","34,635,522","29,745,434","36,124,567","34,964,195","38,820,704","30,124,343","32,465,081","25,761,194","36,787,629","31,894,484","47,092,401",,,,,,,,,,,,,,,,
TotalExpenses,"45,125,000,000","10,958,000,000","9,795,000,000","11,695,000,000","12,677,000,000","10,417,000,000","10,078,000,000","9,132,000,000","9,639,000,000","7,757,000,000","7,015,000,000","5,858,000,000","10,500,000,000","10,266,000,000","9,905,000,000","10,978,000,000","10,237,000,000","10,021,000,000","9,468,000,000","9,164,000,000","10,786,000,000","11,285,000,000","7,737,000,000","9,432,000,000","9,788,000,000","8,624,000,000","7,712,000,000","7,145,000,000","7,121,000,000","8,115,000,000","7,996,000,000","7,519,000,000","7,860,000,000","7,910,000,000","7,867,000,000","8,966,000,000","9,695,000,000","8,494,000,000","8,357,000,000","7,371,000,000","7,567,000,000","6,569,000,000","5,569,000,000","5,424,000,000","6,142,000,000","4,747,000,000","4,070,000,000","4,518,000,000","4,176,000,000","3,739,000,000","3,176,000,000","3,113,000,000","3,593,000,000","2,880,400,000","2,353,400,000","2,586,900,000","3,384,300,000","3,482,300,873","4,089,399,617","3,680,499,695","3,510,955,663","2,891,799,602","2,445,599,722","2,473,500,531","2,959,199,723","2,448,700,185","1,964,400,358","2,090,700,502","2,992,399,580","2,361,900,616","1,485,499,419","975,799,681","1,798,400,242","1,728,499,547","1,114,599,975","1,446,200,134","1,167,700,682","752,100,238","885,399,784","1,437,799,541","888,599,971","543,800,031","1,144,900,000","1,317,501,137","932,500,000","335,400,346","940,299,827","1,361,800,303","696,898,943","441,299,339","513,899,910","800,500,222","534,599,101","428,389,557","447,101,981","766,207,099","466,716,981","347,464,475","375,210,405","637,806,850","488,652,482","334,407,545","458,500,207","696,480,331","459,429,521",,,,,,,,,"278,949,910","65,109,411","64,886,552","65,882,353","65,766,997","62,033,084","65,504,423","65,433,497","72,059,628","63,100,137","62,230,215","61,481,746",,,,,,,,,,,,,,,,
InterestExpense,"3,224,000,000","908,000,000","806,000,000","791,000,000","719,000,000","782,000,000","648,000,000","618,000,000","657,000,000","739,000,000","718,000,000","681,000,000","706,000,000","764,000,000","644,000,000","637,000,000","685,000,000","792,000,000","696,000,000","690,000,000","656,000,000","1,122,000,000","653,000,000","565,000,000","486,000,000","412,000,000","397,000,000","369,000,000","412,000,000","371,000,000","718,000,000","284,000,000","251,000,000","264,000,000","347,000,000","231,000,000","238,000,000","225,000,000","223,000,000","204,000,000","255,000,000","173,000,000","200,000,000","213,000,000","217,000,000","179,000,000","170,000,000","185,000,000","177,000,000","179,000,000","185,000,000","173,000,000","150,000,000","166,200,000","149,700,000","133,800,000","147,300,000",,,,,,,,,,,,,,,,,,,,,,,,,,,,,,,,,,,,,,,,,,,,,,,,,,,,,,,,,,,,,,,,,,,,,,,,,,,,,,,,,,,,
NetInterestIncome,"-3,179,000,000","-863,000,000","-806,000,000","-791,000,000","-719,000,000","-732,000,000","-648,000,000","-618,000,000","-657,000,000","-685,000,000","-718,000,000","-681,000,000","-706,000,000","-697,000,000","-644,000,000","-637,000,000","-685,000,000","-661,000,000","-696,000,000","-690,000,000","-656,000,000","-852,000,000","-653,000,000","-565,000,000","-486,000,000","-386,000,000","-397,000,000","-369,000,000","-412,000,000","-347,000,000","-718,000,000","-284,000,000","-251,000,000","-290,000,000","-347,000,000","-231,000,000","-238,000,000","-238,000,000","-223,000,000","-204,000,000","-255,000,000","-184,000,000","-200,000,000","-213,000,000","-217,000,000","-179,000,000","-170,000,000","-185,000,000","-177,000,000","-179,000,000","-185,000,000","-173,000,000","-150,000,000","-166,200,000","-149,700,000","-133,800,000","-147,300,000",,,,,,,,,,,,,,,,,,,,,,,,,,,,,,,,,,,,,,,,,,,,,,,,,,,,,,,,,,,,,,,,,,,,,,,,,,,,,,,,,,,,
NetIncomeFromContinuingAndDiscontinuedOperation,"3,003,000,000","-983,000,000","1,362,000,000","595,000,000","2,029,000,000","1,933,000,000","780,000,000","1,484,000,000","1,992,000,000","1,871,000,000","1,084,000,000","1,741,000,000","-1,333,000,000","842,000,000","1,045,000,000","1,832,000,000","1,986,000,000","1,184,000,000","4,000,000","1,160,000,000","534,000,000","291,000,000","847,000,000","1,000,000,000","721,000,000","441,000,000","-30,000,000","372,000,000","1,286,000,000","452,000,000","-537,000,000","647,000,000","-311,000,000","159,000,000","-14,000,000","815,000,000","445,000,000","-215,000,000","470,000,000","85,000,000","289,000,000","182,000,000","220,000,000","34,000,000","279,000,000","343,000,000","5,000,000","261,000,000","395,000,000","328,000,000","158,000,000","140,000,000","344,000,000","302,000,000","305,500,000","394,700,000","559,800,000","265,199,468","150,100,064","659,399,552","253,060,385","250,400,219","79,800,258","148,199,787","228,700,415","172,899,828","97,200,179","159,599,554","192,600,420","175,800,453","69,500,581","95,300,110","222,299,879","85,599,953","188,499,433","257,000,667","121,100,472","35,700,002","99,100,486","453,499,932","112,500,367","42,899,150","4,700,000","442,000,303","120,500,319","45,799,184","71,099,890","276,600,605","89,399,338","75,800,570","51,299,970","199,299,985","88,100,623","8,205,790","39,911,959","180,111,470","71,547,170","-7,794,183","38,867,636","147,581,949","62,269,504","-5,185,012","33,835,106","131,677,019","57,047,909","-3,450,414","23,144,997","114,975,450","45,534,865","-1,255,405","17,037,832","89,062,714","35,959,144","-13,564,252","19,734,193","17,155,506","20,346,021","24,055,015","21,344,717","18,843,738","16,484,208","11,676,116","22,696,097","17,985,612","25,805,684","89,620,199","82,597,873","83,361,882","84,414,081","23,271,128","47,624,552","31,886,419","41,876,243","31,154,005","27,784,318","28,838,100","29,457,364",,,,
NormalizedIncome,"4,251,710,000","79,600,000","1,318,911,000","1,071,420,000","1,742,656,000","1,561,527,594.728","1,001,904,000","1,349,009,000","1,869,336,000","1,537,883,750","1,449,534,000","1,346,500,000","586,396,000","1,148,702,301.411","1,164,288,000","1,718,880,000","1,819,936,000","1,590,012,658.228","714,010,000","1,208,813,000","1,572,751,000","3,460,320,000","847,000,000","1,000,000,000","721,000,000","5,880,000","699,120,000","372,000,000","1,286,000,000","1,052,000,000","-537,000,000","931,240,000","-311,000,000","159,000,000","-14,000,000","815,000,000","399,000,000","-219,000,000","470,000,000","85,000,000","289,000,000","300,608,247.423","-57,309,090.909","74,500,000","202,401,028.278","268,500,000","80,990,000","236,147,208.122","334,199,226.306","176,107,476.636","33,954,198.473","204,444,444.444","236,191,721.133","176,234,439.265","110,028,867.783","149,552,570.32","555,318,084.772","102,300,649.284","119,831,621.131","64,972,048.942","220,807,590.961","193,796,004.491","59,809,904.918","99,998,885.403","200,585,665.284","123,756,578.377","82,837,837.1","159,599,554","183,068,656.073","115,762,856.014","56,840,650.6","67,160,370.609","166,960,783.771","62,439,851.6","48,137,047.483","192,649,489.458","75,380,377.8","-10,273,183.553","59,032,891.394","240,184,394.371","54,548,186.35","-2,579,080.005","33,380,000","170,509,490.535","31,354,079.149","-26,440,294.6","19,595,519.259","209,784,849.899","53,860,959.037","63,501,056.6","12,701,043.224","144,499,824.636","51,858,580.79","-1,100,172.8","7,182,100.537","130,953,975.201","25,021,961.749","93,592,870.8","-55,254,339.886","114,086,861.04","41,298,385.703","-27,376,549","24,554,619.8","124,389,234.2","49,819,994","-3,450,414","23,144,997","114,975,450","45,534,865","-1,255,405","17,037,832","89,062,714","35,959,144","-21,383,177.8","-4,160,823.489","4,670,110.02","11,293,385.912","14,553,486.546","14,612,921.283","9,247,390.209","9,539,084.785","7,498,613.135","14,860,539.814","9,825,473.023","15,959,091.2","91,700,084","84,408,237","85,188,992","86,266,791","23,271,128","47,624,552","31,886,419","41,876,243","31,154,005","27,784,318","28,838,100","29,457,364",,,,
EBIT,"7,766,000,000","359,000,000","2,507,000,000","1,531,000,000","3,369,000,000","3,210,000,000","1,661,000,000","2,409,000,000","3,154,000,000","3,139,000,000","2,053,000,000","3,049,000,000","-1,207,000,000","2,111,000,000","1,959,000,000","2,903,000,000","3,292,000,000","2,135,000,000","1,256,000,000","1,920,000,000","1,093,000,000","-2,328,000,000","1,995,000,000","2,099,000,000","1,629,000,000","1,227,000,000","-93,000,000","731,000,000","2,176,000,000","841,000,000","110,000,000","939,000,000","-255,000,000","829,000,000","282,000,000","1,340,000,000","802,000,000","-238,000,000","884,000,000","371,000,000","503,000,000","464,000,000","530,000,000","274,000,000","606,000,000","910,000,000","156,000,000","579,000,000","694,000,000","607,000,000","316,000,000","362,000,000","609,000,000","530,900,000","549,800,000","649,300,000","784,300,000","1,459,899,468","279,100,489","191,000,407","456,743,133","306,700,209","188,400,079","255,199,788","399,000,231","337,000,450","220,499,608","236,499,721","354,300,560","305,900,093","171,600,465","231,000,368","383,299,879","231,500,624","168,800,554","397,699,799","285,499,738","102,199,800","182,699,892","449,300,283","157,199,941","92,500,756","30,700,000","336,499,469","149,099,745","36,899,720","143,700,489","358,700,453","176,400,757","64,800,751","124,400,361","300,000,000","165,500,942","68,792,903","105,062,362","283,660,897","121,660,377","214,834,387","15,149,197","256,651,477","139,432,624","11,526,156","110,067,670","288,612,837","161,035,724","-1,550,189,514","521,987,747","989,361,702","617,099,361","-1,540,716,339","471,558,895","971,456,018","784,385,057","16,162,027","34,635,521","29,745,435","36,124,567","34,964,195","38,820,705","30,124,343","32,465,081","25,761,194","36,787,630","31,894,485","47,092,401","-236,807,067","153,428,377","154,847,551","156,901,343","-428,389,392","275,459,484","247,759,804","276,874,488","-368,867,113","244,525,547","217,302,860","220,155,039","-484,783,802","255,080,930","263,917,526","268,684,373"
EBITDA,"12,083,000,000"
ReconciledCostOfRevenue,"36,906,000,000","8,697,000,000","7,706,000,000","9,701,000,000","10,802,000,000","8,415,000,000","8,411,000,000","7,648,000,000","8,080,000,000","5,963,000,000","5,461,000,000","4,057,000,000","8,900,000,000","8,336,000,000","8,164,000,000","9,283,000,000","8,612,000,000","8,158,000,000","7,816,000,000","7,528,000,000","9,145,000,000","9,627,000,000","6,150,000,000","7,786,000,000","8,237,000,000","7,468,000,000","6,611,000,000","6,142,000,000","6,024,000,000","6,904,000,000","6,897,000,000","6,584,000,000","6,880,000,000","6,999,000,000","7,000,000,000","8,116,000,000","8,945,000,000","7,625,000,000","7,550,000,000","6,519,000,000","6,720,000,000","6,777,000,000","4,544,000,000","4,443,000,000","5,220,000,000","3,923,000,000","3,417,000,000","3,914,000,000","3,600,000,000","3,070,000,000","2,596,000,000","2,556,000,000","3,069,000,000","2,290,200,000","1,828,600,000","2,057,100,000","2,835,100,000","2,922,799,510","3,590,700,030","3,213,005,500","3,065,528,238","2,426,100,864","2,004,599,722","2,046,999,968","2,531,800,046","1,974,600,419","1,562,398,614","1,695,599,087","2,592,000,234","1,938,499,698","1,076,899,782","577,599,621","1,395,700,121","1,186,500,051","781,900,069","1,093,700,539","854,900,315","419,400,855","597,099,757","1,096,501,196","607,100,044","292,099,685","683,799,985","985,300,656","616,800,510","278,700,332","562,798,362","997,100,212","364,199,905","98,699,880","187,600,441","456,998,971","223,199,942","66,089,874","159,279,405","468,020,589","209,811,321","67,463,835","142,270,687","400,217,029","255,035,461","82,028,426","235,115,159","471,293,183","247,853,780",,,,,,,,,"312,560,743","20,121,960","18,684,777","21,314,879","129,140,307","20,198,048","19,290,229","20,385,051","202,001,017","19,534,407","17,732,884","19,621,834",,,,,,,,,,,,,,,,
ReconciledDepreciation,"4,317,000,000","1,122,000,000","1,076,000,000","1,064,000,000","1,055,000,000","1,047,000,000","944,000,000","929,000,000","932,000,000","946,000,000","935,000,000","949,000,000","882,000,000","865,000,000","844,000,000","842,000,000","840,000,000","794,000,000","799,000,000","829,000,000","824,000,000","775,000,000","848,000,000","868,000,000","672,000,000","564,000,000","562,000,000","555,000,000","559,000,000","541,000,000","524,000,000","485,000,000","474,000,000","426,000,000","392,000,000","393,000,000","366,000,000","362,000,000","352,000,000","334,000,000","322,000,000","323,000,000","301,000,000","300,000,000","290,000,000","245,000,000","236,000,000","226,000,000","230,000,000","252,000,000","214,000,000","198,000,000","200,000,000","202,300,000","190,900,000","190,200,000","180,600,000","175,200,021","171,300,183","157,694,683","154,305,113","146,900,387","151,000,000","151,900,138","147,099,862","149,799,501","145,400,648","146,200,132","145,999,533","147,798,872","141,200,102","143,000,600","143,299,879","184,400,277","115,100,057","114,999,928","110,499,738","108,999,589","107,400,513","128,599,439","98,000,588","95,999,906","98,000,015","104,299,284","105,600,701","49,000,717","118,200,533","117,799,940","107,499,606","119,299,819","101,999,800","123,001,029","109,199,652","117,354,211","96,186,479","87,567,560","82,716,981","81,434,334","77,316,153","76,043,444","74,184,397","71,870,876","69,400,791","66,733,042","66,048,186","56,255,467","60,743,866","60,886,847","59,060,510","59,583,288","55,972,502","54,210,143","51,668,482","48,547,846","17,735,470","17,839,850","17,854,671","17,736,615","17,288,612","17,499,926","17,239,210",,"16,130,888","16,199,969","16,054,228",,,,,,,,,,,,,,,,
NetIncomeFromContinuingOperationNetMinorityInterest,"3,003,000,000","-983,000,000","1,362,000,000","595,000,000","2,029,000,000","1,933,000,000","780,000,000","1,484,000,000","1,992,000,000","1,871,000,000","1,084,000,000","1,741,000,000","-1,333,000,000","842,000,000","1,045,000,000","1,832,000,000","1,986,000,000","1,184,000,000","4,000,000","1,160,000,000","534,000,000","291,000,000","847,000,000","1,000,000,000","721,000,000","441,000,000","-30,000,000","372,000,000","1,286,000,000","452,000,000","-537,000,000","647,000,000","-311,000,000","159,000,000","-14,000,000","815,000,000","399,000,000","-219,000,000","470,000,000","85,000,000","289,000,000","182,000,000","220,000,000","34,000,000","279,000,000","343,000,000","5,000,000","261,000,000","395,000,000","328,000,000","158,000,000","140,000,000","344,000,000","302,000,000","305,500,000","394,700,000","559,800,000","265,199,468","150,100,064","659,399,552","253,060,385","250,400,219","79,800,258","148,199,787","228,700,415","172,899,828","97,200,179","159,599,554","192,600,420","175,800,453","69,500,581","95,300,110","222,299,879","85,599,953","188,499,433","257,000,667","121,100,472","35,700,002","99,100,486","453,499,932","112,500,367","42,899,811","4,700,000","207,799,667","112,399,618","499,916","71,099,890","276,600,605","89,399,338","75,800,570","51,299,970","199,299,985","88,100,623","8,205,790","39,911,959","180,111,470","71,547,170","-7,794,183","38,867,636","147,581,949","62,269,504","-5,185,012","33,835,106","131,677,019","57,047,909","-3,450,414","23,144,997","114,975,450","45,534,865","-1,255,405","17,037,832","89,062,714","35,959,144","-13,564,252","19,734,193","17,155,506","20,346,021","24,055,015","21,344,717","18,843,738","16,484,208","11,676,116","22,696,097","17,985,612","25,805,684","91,700,084","84,408,237","85,188,992","86,266,791","23,271,128","47,624,552","31,886,419","41,876,243","31,154,005","27,784,318","28,838,100","29,457,364",,,,
TotalUnusualItemsExcludingGoodwill,"-1,930,000,000","-1,771,000,000","53,000,000","-581,000,000","369,000,000","459,000,000","-276,000,000","159,000,000","152,000,000","421,000,000","-442,000,000","526,000,000","-2,692,000,000","-452,000,000","-148,000,000","140,000,000","214,000,000","-425,000,000","-966,000,000","-53,000,000","-1,247,000,000","-4,312,000,000","0",,,"592,000,000","-992,000,000","0",,"-750,000,000","0","-440,000,000",,,,,,,,,,"-195,000,000","279,000,000","-54,000,000","83,000,000","100,000,000","-102,000,000","36,000,000","78,000,000","197,000,000","125,000,000","-87,000,000","139,000,000","135,300,000","256,000,000","310,500,000","5,100,000","241,400,213","41,399,830","737,399,755","53,492,439","61,599,861","24,900,129","67,000,000","41,600,553","71,000,515","19,799,933",,"14,099,720","87,700,070","21,099,884","40,600,221","82,199,516","38,600,169","173,200,202","95,199,466","76,200,157","53,699,637","49,000,540","285,800,351","59,600,411","58,199,748","-47,800,000","51,000,152","98,999,363","44,900,351","57,299,984","78,700,454","44,800,568","20,499,189","46,800,421","74,900,104","43,400,029","15,509,938","46,808,511","72,455,265","53,886,792","-168,978,423","106,350,421","53,211,818","32,340,426","36,985,895","15,467,477","12,146,308","12,046,525",,,,,,,,,"13,031,543","26,983,488","18,123,962","13,979,239","12,964,535","10,939,168","14,100,756","10,444,193","4,708,224","10,849,233","11,750,600","16,410,988",,,,,,,,,,,,,,,,
TotalUnusualItems,"-1,930,000,000","-1,771,000,000","53,000,000","-581,000,000","369,000,000","459,000,000","-276,000,000","159,000,000","152,000,000","421,000,000","-442,000,000","526,000,000","-2,692,000,000","-452,000,000","-148,000,000","140,000,000","214,000,000","-425,000,000","-966,000,000","-53,000,000","-1,247,000,000","-4,312,000,000","0",,,"592,000,000","-992,000,000","0",,"-750,000,000","0","-440,000,000",,,,,,,,,,"-195,000,000","279,000,000","-54,000,000","83,000,000","100,000,000","-102,000,000","36,000,000","78,000,000","197,000,000","125,000,000","-87,000,000","139,000,000","135,300,000","256,000,000","310,500,000","5,100,000","241,400,213","41,399,830","737,399,755","53,492,439","61,599,861","24,900,129","67,000,000","41,600,553","71,000,515","19,799,933",,"14,099,720","87,700,070","21,099,884","40,600,221","82,199,516","38,600,169","173,200,202","95,199,466","76,200,157","53,699,637","49,000,540","285,800,351","59,600,411","58,199,748","-47,800,000","51,000,152","98,999,363","44,900,351","57,299,984","78,700,454","44,800,568","20,499,189","46,800,421","74,900,104","43,400,029","15,509,938","46,808,511","72,455,265","53,886,792","-168,978,423","106,350,421","53,211,818","32,340,426","36,985,895","15,467,477","12,146,308","12,046,525",,,,,,,,,"13,031,543","26,983,488","18,123,962","13,979,239","12,964,535","10,939,168","14,100,756","10,444,193","4,708,224","10,849,233","11,750,600","16,410,988",,,,,,,,,,,,,,,,
NormalizedEBITDA,"14,013,000,000","3,252,000,000","3,530,000,000","3,176,000,000","4,055,000,000","3,798,000,000","2,881,000,000","3,179,000,000","3,934,000,000","3,664,000,000","3,430,000,000","3,472,000,000","2,367,000,000","3,428,000,000","2,951,000,000","3,605,000,000","3,918,000,000","3,354,000,000","3,021,000,000","2,802,000,000","3,164,000,000","2,759,000,000","2,843,000,000","2,967,000,000","2,301,000,000","1,199,000,000","1,461,000,000","1,286,000,000","2,735,000,000","2,132,000,000","634,000,000","1,864,000,000","219,000,000","1,255,000,000","674,000,000","1,733,000,000","1,168,000,000","124,000,000","1,236,000,000","705,000,000","825,000,000","982,000,000","552,000,000","628,000,000","813,000,000","1,055,000,000","494,000,000","769,000,000","846,000,000","662,000,000","405,000,000","647,000,000","670,000,000","597,900,000","484,700,000","529,000,000","959,800,000","1,393,699,276","409,000,842","-388,599,633","557,555,807","392,000,735","314,499,950","340,099,926","504,499,540","415,799,436","346,100,323","382,699,853","486,200,373","365,998,895","291,700,683","333,400,747","444,400,242","377,300,732","110,700,516","417,501,000","319,799,319","157,499,752","241,099,865","292,100,499","195,600,118","130,300,914","176,500,015","389,799,969","155,701,083","41,000,086","204,601,038","397,800,302","239,099,795","163,601,381","179,600,241","348,100,925","231,300,565","170,637,176","154,512,105","298,773,192","150,490,566","465,247,144","-13,885,071","279,582,537","181,276,595","46,411,137","164,065,736","343,199,571","215,037,385","-1,493,934,047","582,731,613","1,050,248,549","676,159,871","-1,481,133,051","527,531,397","1,025,666,161","836,053,539","51,678,330","25,387,503","29,468,734","39,999,999","39,736,275","45,224,120","33,523,513","39,260,098","21,052,970","42,149,895","36,343,854","46,735,641","-236,807,067","153,428,377","154,847,551","156,901,343","-428,389,392","275,459,484","247,759,804","276,874,488","-368,867,113","244,525,547","217,302,860","220,155,039","-484,783,802","255,080,930","263,917,526","268,684,373"
TaxRateForCalcs,"0.353","0.4","0.187","0.18","0.224","0.191","0.196","0.151","0.193","0.209","0.173","0.25","0.287","0.321","0.194","0.192","0.224","0.045","0.265","0.079","0.167","0.265","0.244","0.191","0.173","0.265","0.265","0.028","0.236","0.2","0.212","0.354","0.265","0.25","0.25","0.249","0.207","0.25","0.357","0.246","0.25","0.392","0.006","0.25","0.077","0.255","0.255","0.31","0.221","0.229","0.008","0.259","0.224","0.07","0.236","0.21","0.121","0.325","0.269","0.194","0.397","0.081","0.197","0.281","0.324","0.308","0.275","0.4","0.324","0.315","0.4","0.307","0.327","0.4","0.19","0.324","0.4","0.144","0.182","0.254","0.028","0.219","0.4","0.269","0.181","0.4","0.101","0.151","0.207","0.4","0.175","0.268","0.165","0.4","0.301","0.322","0.137","0.4","0.115","0.371","0.352","0.4","0.4","0.4","0.4","0.4","0.4","0.4","0.4","0.4","0.4","0.4","0.4","0.4","0.114","0.311","0.352","0.267","0.385","0.319","0.335","0.113","0.278","0.306","0.4","0.4","0.4","0.4","0.4","0.4","0.4","0.4","0.4","0.4","0.4","0.4","0.4",,,,
TaxEffectOfUnusualItems,"-681,290,000","-708,400,000","9,911,000","-104,580,000","82,656,000","87,527,594.728","-54,096,000","24,009,000","29,336,000","87,883,750","-76,466,000","131,500,000","-772,604,000","-145,297,698.589","-28,712,000","26,880,000","47,936,000","-18,987,341.772","-255,990,000","-4,187,000","-208,249,000","-1,142,680,000","0","0","0","156,880,000","-262,880,000","0","0","-150,000,000","0","-155,760,000","0","0","0","0","0","0","0","0","0","-76,391,752.577","1,690,909.091","-13,500,000","6,401,028.278","25,500,000","-26,010,000","11,147,208.122","17,199,226.306","45,107,476.636","954,198.473","-22,555,555.556","31,191,721.133","9,534,439.265","60,528,867.783","65,352,570.32","618,084.772","78,501,394.284","11,131,387.131","142,972,251.942","21,239,644.961","4,995,646.491","4,909,775.918","18,799,098.403","13,485,803.284","21,857,265.377","5,437,591.1","0","4,567,956.073","27,662,473.014","8,439,953.6","12,460,481.609","26,860,420.771","15,440,067.6","32,837,816.483","30,848,288.458","30,480,062.8","7,726,451.447","8,932,945.394","72,484,813.371","1,648,230.35","12,720,856.995","-19,120,000","13,709,975.535","17,953,824.149","17,960,140.4","5,795,613.259","11,884,698.899","9,262,189.037","8,199,675.6","8,201,494.224","20,099,943.636","7,157,986.79","6,203,975.2","14,078,652.537","23,297,770.201","7,361,583.749","-67,591,369.2","12,228,445.114","19,716,730.04","11,369,307.703","14,794,358","6,186,990.8","4,858,523.2","4,818,610","0","0","0","0","0","0","0","0","5,212,617.2","3,088,471.511","5,638,566.02","4,926,603.912","3,463,006.546","4,207,372.283","4,504,408.209","3,499,069.785","530,721.135","3,013,675.814","3,590,461.023","6,564,395.2","0","0","0","0","0","0","0","0","0","0","0","0",,,,